<?xml version="1.0" encoding="UTF-8"?><collection xmlns="http://www.loc.gov/MARC21/slim"><record><leader>00570nam--2200181-i-4500</leader><controlfield tag="001">000044755</controlfield><controlfield tag="002">20161230</controlfield><controlfield tag="005">20161230201044</controlfield><controlfield tag="008">060222s1000------------r-----000-0-fre-d</controlfield><datafield ind1=" " ind2=" " tag="040"><subfield code="a">IFIN-HH</subfield></datafield><datafield ind1=" " ind2=" " tag="041"><subfield code="a">fre</subfield></datafield><datafield ind1=" " ind2=" " tag="080"><subfield code="a">539.3</subfield></datafield><datafield ind1="1" ind2=" " tag="100"><subfield code="a">Timoshenko, S</subfield></datafield><datafield ind1="1" ind2="0" tag="245"><subfield code="a">Theorie de l`elasticite</subfield><subfield code="b">Preface de f.campus. traduit sur la premiere edition anglaise, revue et corrigee par l`auteur par a.de riva-berni</subfield><subfield code="c">S. timoshenko</subfield></datafield><datafield ind1=" " ind2=" " tag="260"><subfield code="a">Paris</subfield><subfield code="b">Librairie Polytechnique Ch.Beranger</subfield><subfield code="c">/1948</subfield></datafield><datafield ind1=" " ind2=" " tag="300"><subfield code="a">XX+446P</subfield></datafield><datafield ind1=" " ind2=" " tag="852"><subfield code="a">858</subfield><subfield code="c">539.3</subfield></datafield><datafield ind1=" " ind2=" " tag="CAT"><subfield code="a">Sys</subfield><subfield code="c">20121219</subfield><subfield code="h">174225</subfield></datafield></record></collection>